11111111111111111111111111111111111111111111111111111111111111111111111111111111
2222222
3333333333333333333333333333333333
444444444444444
55555555555555555555555555555555555555555555555555555555555555555555555555555555555555555555555555555555555555555555555555555555555555555555555555555555
666666666666666666666666666666666666666666666666666666666666666
77777777
